<?xml version="1.0" encoding="UTF-8"?><collection xmlns="http://www.loc.gov/MARC21/slim"><record><leader>00346nam--2200145-u-4500</leader><controlfield tag="001">000051553</controlfield><controlfield tag="002">20161230</controlfield><controlfield tag="005">20161230201049</controlfield><controlfield tag="008">080806s1000------------r-----000-0-eng-d</controlfield><datafield ind1="1" ind2="0" tag="100"><subfield code="a">Kato, T</subfield></datafield><datafield ind1="1" ind2=" " tag="245"><subfield code="a">Teoria vozmusenii lineanii operatorov</subfield></datafield><datafield ind1=" " ind2=" " tag="260"><subfield code="a">Moscova</subfield><subfield code="b">Mir</subfield><subfield code="c">1972</subfield></datafield><datafield ind1=" " ind2=" " tag="300"><subfield code="a">740 p</subfield></datafield><datafield ind1=" " ind2=" " tag="852"><subfield code="a">T. Kato</subfield></datafield><datafield ind1=" " ind2=" " tag="CAT"><subfield code="a">Sys</subfield><subfield code="c">20080806</subfield><subfield code="h">085935</subfield></datafield></record></collection>